<?xml version="1.0" encoding="UTF-8"?>
<OAI-PMH xmlns="http://www.openarchives.org/OAI/2.0/" xmlns:xsi="http://www.w3.org/2001/XMLSchema-instance" xsi:schemaLocation="http://www.openarchives.org/OAI/2.0/ http://www.openarchives.org/OAI/2.0/OAI-PMH.xsd">
  <ListRecords>
    <record>
      <header>
        <identifier>aleph-publish:000844686</identifier>
      </header>
      <metadata>
        <record xmlns="http://www.ddb.de/professionell/mabxml/mabxml-1.xsd">
          <leader>01153nM2.01200024------h</leader>
          <controlfield tag="LDR">01153nM2.01200024------h</controlfield>
          <controlfield tag="FMT">MH</controlfield>
          <datafield tag="001" ind1="-" ind2="1">
            <subfield code="a">HT013141860</subfield>
          </datafield>
          <datafield tag="002" ind1="b" ind2="1">
            <subfield code="a">20010921</subfield>
          </datafield>
          <datafield tag="003" ind1="-" ind2="1">
            <subfield code="a">20020528</subfield>
          </datafield>
          <datafield tag="004" ind1="-" ind2="1">
            <subfield code="a">20010904</subfield>
          </datafield>
          <datafield tag="020" ind1="a" ind2="1">
            <subfield code="a">961945788</subfield>
            <subfield code="b">292</subfield>
          </datafield>
          <controlfield tag="030">a|1uar|z|||17</controlfield>
          <datafield tag="036" ind1="a" ind2="1">
            <subfield code="a">DE</subfield>
          </datafield>
          <datafield tag="037" ind1="b" ind2="1">
            <subfield code="a">eng</subfield>
          </datafield>
          <controlfield tag="050">|||c||||||||||</controlfield>
          <controlfield tag="051">sy||z|||</controlfield>
          <datafield tag="070" ind1="-" ind2="1">
            <subfield code="a">466</subfield>
          </datafield>
          <datafield tag="070" ind1="a" ind2="1">
            <subfield code="a">292</subfield>
          </datafield>
          <datafield tag="070" ind1="b" ind2="1">
            <subfield code="a">468</subfield>
          </datafield>
          <datafield tag="080" ind1="-" ind2="1">
            <subfield code="a">60</subfield>
          </datafield>
          <datafield tag="100" ind1="-" ind2="1">
            <subfield code="p">Bauch, Marc</subfield>
            <subfield code="d">1973-</subfield>
            <subfield code="9">(DE-588)123082269</subfield>
          </datafield>
          <datafield tag="331" ind1="-" ind2="1">
            <subfield code="a">Themes and topics of the American musical after World War II</subfield>
          </datafield>
          <datafield tag="359" ind1="-" ind2="1">
            <subfield code="a">von Marc Bauch</subfield>
          </datafield>
          <datafield tag="403" ind1="-" ind2="1">
            <subfield code="a">[Mikrofiche-Ausg.]</subfield>
          </datafield>
          <datafield tag="425" ind1="a" ind2="1">
            <subfield code="a">1999</subfield>
          </datafield>
          <datafield tag="433" ind1="-" ind2="1">
            <subfield code="a">102 S. : Ill.</subfield>
          </datafield>
          <datafield tag="519" ind1="-" ind2="1">
            <subfield code="a">Saarbrücken, Univ., Staatsexamensarbeit, 1999</subfield>
          </datafield>
          <datafield tag="610" ind1="-" ind2="1">
            <subfield code="a">Mikrofiche-Ausg.:</subfield>
          </datafield>
          <datafield tag="611" ind1="-" ind2="1">
            <subfield code="a">Marburg</subfield>
          </datafield>
          <datafield tag="613" ind1="-" ind2="1">
            <subfield code="a">Tectum-Verl.</subfield>
          </datafield>
          <datafield tag="619" ind1="a" ind2="1">
            <subfield code="a">2001</subfield>
          </datafield>
          <datafield tag="621" ind1="-" ind2="1">
            <subfield code="a">Edition Wissenschaft : Reihe Amerikanistik ; 16</subfield>
          </datafield>
          <datafield tag="623" ind1="-" ind2="1">
            <subfield code="a">HT007082773</subfield>
          </datafield>
          <datafield tag="625" ind1="-" ind2="1">
            <subfield code="a">16</subfield>
          </datafield>
          <datafield tag="626" ind1="-" ind2="1">
            <subfield code="a">16</subfield>
          </datafield>
          <datafield tag="634" ind1="a" ind2="1">
            <subfield code="a">3-8288-1141-8</subfield>
          </datafield>
          <datafield tag="637" ind1="-" ind2="1">
            <subfield code="a">2 Mikrofiches : 24x</subfield>
          </datafield>
          <datafield tag="673" ind1="c" ind2="1">
            <subfield code="a">Saarbrücken</subfield>
            <subfield code="9">2021091-7</subfield>
          </datafield>
          <datafield tag="902" ind1="-" ind2="1">
            <subfield code="g">USA</subfield>
            <subfield code="9">(DE-588)4078704-7</subfield>
          </datafield>
          <datafield tag="902" ind1="-" ind2="1">
            <subfield code="s">Musical</subfield>
            <subfield code="9">(DE-588)4040801-2</subfield>
          </datafield>
          <datafield tag="902" ind1="-" ind2="1">
            <subfield code="s">Stoff</subfield>
            <subfield code="h">Literatur</subfield>
            <subfield code="9">(DE-588)4136745-5</subfield>
          </datafield>
          <datafield tag="902" ind1="-" ind2="1">
            <subfield code="z">Geschichte 1945-1999</subfield>
          </datafield>
          <datafield tag="902" ind1="-" ind2="1">
            <subfield code="f">Mikroform</subfield>
          </datafield>
          <datafield tag="903" ind1="-" ind2="1">
            <subfield code="a">23145</subfield>
            <subfield code="a">32145</subfield>
          </datafield>
          <datafield tag="907" ind1="-" ind2="1">
            <subfield code="g">USA</subfield>
            <subfield code="9">(DE-588)4078704-7</subfield>
          </datafield>
          <datafield tag="907" ind1="-" ind2="1">
            <subfield code="s">Musical</subfield>
            <subfield code="9">(DE-588)4040801-2</subfield>
          </datafield>
          <datafield tag="907" ind1="-" ind2="1">
            <subfield code="s">Libretto</subfield>
            <subfield code="9">(DE-588)4035588-3</subfield>
          </datafield>
          <datafield tag="907" ind1="-" ind2="1">
            <subfield code="s">Topos</subfield>
            <subfield code="9">(DE-588)4127974-8</subfield>
          </datafield>
          <datafield tag="907" ind1="-" ind2="1">
            <subfield code="z">Geschichte 1945-1999</subfield>
          </datafield>
          <datafield tag="907" ind1="-" ind2="1">
            <subfield code="f">Mikroform</subfield>
          </datafield>
          <datafield tag="908" ind1="-" ind2="1">
            <subfield code="a">234156</subfield>
            <subfield code="a">342156</subfield>
            <subfield code="a">432156</subfield>
          </datafield>
          <controlfield tag="SYS">000844686</controlfield>
          <datafield tag="PSW" ind1="-" ind2="1">
            <subfield code="g">United States</subfield>
            <subfield code="9">(DE-588)4078704-7</subfield>
          </datafield>
          <datafield tag="PSW" ind1="-" ind2="1">
            <subfield code="g">Etats Unis</subfield>
            <subfield code="9">(DE-588)4078704-7</subfield>
          </datafield>
          <datafield tag="PSW" ind1="-" ind2="1">
            <subfield code="g">Etats-Unis</subfield>
            <subfield code="9">(DE-588)4078704-7</subfield>
          </datafield>
          <datafield tag="PSW" ind1="-" ind2="1">
            <subfield code="g">Vereinigte Staaten</subfield>
            <subfield code="9">(DE-588)4078704-7</subfield>
          </datafield>
          <datafield tag="PSW" ind1="-" ind2="1">
            <subfield code="g">Estados Unidos de America</subfield>
            <subfield code="9">(DE-588)4078704-7</subfield>
          </datafield>
          <datafield tag="PSW" ind1="-" ind2="1">
            <subfield code="g">EEUU</subfield>
            <subfield code="9">(DE-588)4078704-7</subfield>
          </datafield>
          <datafield tag="PSW" ind1="-" ind2="1">
            <subfield code="g">Vereinigte Staaten von Nordamerika</subfield>
            <subfield code="9">(DE-588)4078704-7</subfield>
          </datafield>
          <datafield tag="PSW" ind1="-" ind2="1">
            <subfield code="g">Soedinennye Štaty Ameriki</subfield>
            <subfield code="9">(DE-588)4078704-7</subfield>
          </datafield>
          <datafield tag="PSW" ind1="-" ind2="1">
            <subfield code="g">SŠA</subfield>
            <subfield code="9">(DE-588)4078704-7</subfield>
          </datafield>
          <datafield tag="PSW" ind1="-" ind2="1">
            <subfield code="g">Stany Zjednoczone Ameryki Północnej</subfield>
            <subfield code="9">(DE-588)4078704-7</subfield>
          </datafield>
          <datafield tag="PSW" ind1="-" ind2="1">
            <subfield code="g">Hēnōmenai Politeiai tēs Boreiu Amerikēs</subfield>
            <subfield code="9">(DE-588)4078704-7</subfield>
          </datafield>
          <datafield tag="PSW" ind1="-" ind2="1">
            <subfield code="g">Hēnōmenes Politeies tēs Amerikēs</subfield>
            <subfield code="9">(DE-588)4078704-7</subfield>
          </datafield>
          <datafield tag="PSW" ind1="-" ind2="1">
            <subfield code="g">HēPA</subfield>
            <subfield code="9">(DE-588)4078704-7</subfield>
          </datafield>
          <datafield tag="PSW" ind1="-" ind2="1">
            <subfield code="g">Ēnōmenes Politeies tēs Amerikēs</subfield>
            <subfield code="9">(DE-588)4078704-7</subfield>
          </datafield>
          <datafield tag="PSW" ind1="-" ind2="1">
            <subfield code="g">ĒPA</subfield>
            <subfield code="9">(DE-588)4078704-7</subfield>
          </datafield>
          <datafield tag="PSW" ind1="-" ind2="1">
            <subfield code="g">Meiguo</subfield>
            <subfield code="9">(DE-588)4078704-7</subfield>
          </datafield>
          <datafield tag="PSW" ind1="-" ind2="1">
            <subfield code="g">Etats-Unis d'Amérique</subfield>
            <subfield code="9">(DE-588)4078704-7</subfield>
          </datafield>
          <datafield tag="PSW" ind1="-" ind2="1">
            <subfield code="g">US</subfield>
            <subfield code="9">(DE-588)4078704-7</subfield>
          </datafield>
          <datafield tag="PSW" ind1="-" ind2="1">
            <subfield code="g">United States of America</subfield>
            <subfield code="9">(DE-588)4078704-7</subfield>
          </datafield>
          <datafield tag="PSW" ind1="-" ind2="1">
            <subfield code="g">Vereinigte Staaten von Amerika</subfield>
            <subfield code="9">(DE-588)4078704-7</subfield>
          </datafield>
          <datafield tag="PSW" ind1="-" ind2="1">
            <subfield code="g">Nordamerika</subfield>
            <subfield code="h">USA</subfield>
            <subfield code="9">(DE-588)4078704-7</subfield>
          </datafield>
          <datafield tag="PSW" ind1="-" ind2="1">
            <subfield code="g">Amerika</subfield>
            <subfield code="h">USA</subfield>
            <subfield code="9">(DE-588)4078704-7</subfield>
          </datafield>
          <datafield tag="PSW" ind1="-" ind2="1">
            <subfield code="g">United States</subfield>
            <subfield code="9">(DE-588)4078704-7</subfield>
          </datafield>
          <datafield tag="PSW" ind1="-" ind2="1">
            <subfield code="g">Etats Unis</subfield>
            <subfield code="9">(DE-588)4078704-7</subfield>
          </datafield>
          <datafield tag="PSW" ind1="-" ind2="1">
            <subfield code="g">Etats-Unis</subfield>
            <subfield code="9">(DE-588)4078704-7</subfield>
          </datafield>
          <datafield tag="PSW" ind1="-" ind2="1">
            <subfield code="g">Vereinigte Staaten</subfield>
            <subfield code="9">(DE-588)4078704-7</subfield>
          </datafield>
          <datafield tag="PSW" ind1="-" ind2="1">
            <subfield code="g">Estados Unidos de America</subfield>
            <subfield code="9">(DE-588)4078704-7</subfield>
          </datafield>
          <datafield tag="PSW" ind1="-" ind2="1">
            <subfield code="g">EEUU</subfield>
            <subfield code="9">(DE-588)4078704-7</subfield>
          </datafield>
          <datafield tag="PSW" ind1="-" ind2="1">
            <subfield code="g">Vereinigte Staaten von Nordamerika</subfield>
            <subfield code="9">(DE-588)4078704-7</subfield>
          </datafield>
          <datafield tag="PSW" ind1="-" ind2="1">
            <subfield code="g">Soedinennye Štaty Ameriki</subfield>
            <subfield code="9">(DE-588)4078704-7</subfield>
          </datafield>
          <datafield tag="PSW" ind1="-" ind2="1">
            <subfield code="g">SŠA</subfield>
            <subfield code="9">(DE-588)4078704-7</subfield>
          </datafield>
          <datafield tag="PSW" ind1="-" ind2="1">
            <subfield code="g">Stany Zjednoczone Ameryki Północnej</subfield>
            <subfield code="9">(DE-588)4078704-7</subfield>
          </datafield>
          <datafield tag="PSW" ind1="-" ind2="1">
            <subfield code="g">Hēnōmenai Politeiai tēs Boreiu Amerikēs</subfield>
            <subfield code="9">(DE-588)4078704-7</subfield>
          </datafield>
          <datafield tag="PSW" ind1="-" ind2="1">
            <subfield code="g">Hēnōmenes Politeies tēs Amerikēs</subfield>
            <subfield code="9">(DE-588)4078704-7</subfield>
          </datafield>
          <datafield tag="PSW" ind1="-" ind2="1">
            <subfield code="g">HēPA</subfield>
            <subfield code="9">(DE-588)4078704-7</subfield>
          </datafield>
          <datafield tag="PSW" ind1="-" ind2="1">
            <subfield code="g">Ēnōmenes Politeies tēs Amerikēs</subfield>
            <subfield code="9">(DE-588)4078704-7</subfield>
          </datafield>
          <datafield tag="PSW" ind1="-" ind2="1">
            <subfield code="g">ĒPA</subfield>
            <subfield code="9">(DE-588)4078704-7</subfield>
          </datafield>
          <datafield tag="PSW" ind1="-" ind2="1">
            <subfield code="g">Meiguo</subfield>
            <subfield code="9">(DE-588)4078704-7</subfield>
          </datafield>
          <datafield tag="PSW" ind1="-" ind2="1">
            <subfield code="g">Etats-Unis d'Amérique</subfield>
            <subfield code="9">(DE-588)4078704-7</subfield>
          </datafield>
          <datafield tag="PSW" ind1="-" ind2="1">
            <subfield code="g">US</subfield>
            <subfield code="9">(DE-588)4078704-7</subfield>
          </datafield>
          <datafield tag="PSW" ind1="-" ind2="1">
            <subfield code="g">United States of America</subfield>
            <subfield code="9">(DE-588)4078704-7</subfield>
          </datafield>
          <datafield tag="PSW" ind1="-" ind2="1">
            <subfield code="g">Vereinigte Staaten von Amerika</subfield>
            <subfield code="9">(DE-588)4078704-7</subfield>
          </datafield>
          <datafield tag="PSW" ind1="-" ind2="1">
            <subfield code="g">Nordamerika</subfield>
            <subfield code="h">USA</subfield>
            <subfield code="9">(DE-588)4078704-7</subfield>
          </datafield>
          <datafield tag="PSW" ind1="-" ind2="1">
            <subfield code="g">Amerika</subfield>
            <subfield code="h">USA</subfield>
            <subfield code="9">(DE-588)4078704-7</subfield>
          </datafield>
          <datafield tag="PSW" ind1="-" ind2="1">
            <subfield code="s">Literarischer Stoff</subfield>
            <subfield code="9">(DE-588)4136745-5</subfield>
          </datafield>
          <datafield tag="PSW" ind1="-" ind2="1">
            <subfield code="s">Erzählstoff</subfield>
            <subfield code="9">(DE-588)4136745-5</subfield>
          </datafield>
          <datafield tag="PSW" ind1="-" ind2="1">
            <subfield code="s">Topik</subfield>
            <subfield code="x">Literatur</subfield>
            <subfield code="9">(DE-588)4127974-8</subfield>
          </datafield>
          <datafield tag="PSW" ind1="-" ind2="1">
            <subfield code="s">Literarischer Stoff</subfield>
            <subfield code="9">(DE-588)4136745-5</subfield>
          </datafield>
          <datafield tag="PSW" ind1="-" ind2="1">
            <subfield code="s">Erzählstoff</subfield>
            <subfield code="9">(DE-588)4136745-5</subfield>
          </datafield>
          <datafield tag="PSW" ind1="-" ind2="1">
            <subfield code="s">Topik</subfield>
            <subfield code="x">Literatur</subfield>
            <subfield code="9">(DE-588)4127974-8</subfield>
          </datafield>
          <datafield tag="PSW" ind1="-" ind2="1">
            <subfield code="s">Oper</subfield>
            <subfield code="x">Text</subfield>
            <subfield code="9">(DE-588)4035588-3</subfield>
          </datafield>
          <datafield tag="PSW" ind1="-" ind2="1">
            <subfield code="s">Opernlibretto</subfield>
            <subfield code="9">(DE-588)4035588-3</subfield>
          </datafield>
          <datafield tag="PSW" ind1="-" ind2="1">
            <subfield code="s">Operntext</subfield>
            <subfield code="9">(DE-588)4035588-3</subfield>
          </datafield>
          <datafield tag="PSW" ind1="-" ind2="1">
            <subfield code="s">Libretti</subfield>
            <subfield code="9">(DE-588)4035588-3</subfield>
          </datafield>
          <datafield tag="PSW" ind1="-" ind2="1">
            <subfield code="s">Musicals</subfield>
            <subfield code="9">(DE-588)4040801-2</subfield>
          </datafield>
          <datafield tag="PSW" ind1="-" ind2="1">
            <subfield code="s">Oper</subfield>
            <subfield code="x">Text</subfield>
            <subfield code="9">(DE-588)4035588-3</subfield>
          </datafield>
          <datafield tag="PSW" ind1="-" ind2="1">
            <subfield code="s">Opernlibretto</subfield>
            <subfield code="9">(DE-588)4035588-3</subfield>
          </datafield>
          <datafield tag="PSW" ind1="-" ind2="1">
            <subfield code="s">Operntext</subfield>
            <subfield code="9">(DE-588)4035588-3</subfield>
          </datafield>
          <datafield tag="PSW" ind1="-" ind2="1">
            <subfield code="s">Libretti</subfield>
            <subfield code="9">(DE-588)4035588-3</subfield>
          </datafield>
          <datafield tag="PSW" ind1="-" ind2="1">
            <subfield code="s">Musicals</subfield>
            <subfield code="9">(DE-588)4040801-2</subfield>
          </datafield>
          <datafield tag="PPE" ind1="-" ind2="1">
            <subfield code="p">Bauch, Marc A.</subfield>
            <subfield code="d">1973-</subfield>
            <subfield code="9">(DE-588)123082269</subfield>
          </datafield>
          <datafield tag="PPE" ind1="-" ind2="1">
            <subfield code="p">Bauch, Marc A.</subfield>
            <subfield code="d">1973-</subfield>
            <subfield code="9">(DE-588)123082269</subfield>
          </datafield>
          <datafield tag="PPE" ind1="-" ind2="1">
            <subfield code="p">Bauch, Marc A.</subfield>
            <subfield code="d">1973-</subfield>
            <subfield code="9">(DE-588)123082269</subfield>
          </datafield>
          <datafield tag="PSW" ind1="-" ind2="1">
            <subfield code="g">United States</subfield>
            <subfield code="9">(DE-588)4078704-7</subfield>
          </datafield>
          <datafield tag="PSW" ind1="-" ind2="1">
            <subfield code="g">Etats Unis</subfield>
            <subfield code="9">(DE-588)4078704-7</subfield>
          </datafield>
          <datafield tag="PSW" ind1="-" ind2="1">
            <subfield code="g">Etats-Unis</subfield>
            <subfield code="9">(DE-588)4078704-7</subfield>
          </datafield>
          <datafield tag="PSW" ind1="-" ind2="1">
            <subfield code="g">Vereinigte Staaten</subfield>
            <subfield code="9">(DE-588)4078704-7</subfield>
          </datafield>
          <datafield tag="PSW" ind1="-" ind2="1">
            <subfield code="g">Estados Unidos de America</subfield>
            <subfield code="9">(DE-588)4078704-7</subfield>
          </datafield>
          <datafield tag="PSW" ind1="-" ind2="1">
            <subfield code="g">EEUU</subfield>
            <subfield code="9">(DE-588)4078704-7</subfield>
          </datafield>
          <datafield tag="PSW" ind1="-" ind2="1">
            <subfield code="g">Vereinigte Staaten von Nordamerika</subfield>
            <subfield code="9">(DE-588)4078704-7</subfield>
          </datafield>
          <datafield tag="PSW" ind1="-" ind2="1">
            <subfield code="g">Soedinennye Štaty Ameriki</subfield>
            <subfield code="9">(DE-588)4078704-7</subfield>
          </datafield>
          <datafield tag="PSW" ind1="-" ind2="1">
            <subfield code="g">SŠA</subfield>
            <subfield code="9">(DE-588)4078704-7</subfield>
          </datafield>
          <datafield tag="PSW" ind1="-" ind2="1">
            <subfield code="g">Stany Zjednoczone Ameryki Północnej</subfield>
            <subfield code="9">(DE-588)4078704-7</subfield>
          </datafield>
          <datafield tag="PSW" ind1="-" ind2="1">
            <subfield code="g">Hēnōmenai Politeiai tēs Boreiu Amerikēs</subfield>
            <subfield code="9">(DE-588)4078704-7</subfield>
          </datafield>
          <datafield tag="PSW" ind1="-" ind2="1">
            <subfield code="g">Hēnōmenes Politeies tēs Amerikēs</subfield>
            <subfield code="9">(DE-588)4078704-7</subfield>
          </datafield>
          <datafield tag="PSW" ind1="-" ind2="1">
            <subfield code="g">HēPA</subfield>
            <subfield code="9">(DE-588)4078704-7</subfield>
          </datafield>
          <datafield tag="PSW" ind1="-" ind2="1">
            <subfield code="g">Ēnōmenes Politeies tēs Amerikēs</subfield>
            <subfield code="9">(DE-588)4078704-7</subfield>
          </datafield>
          <datafield tag="PSW" ind1="-" ind2="1">
            <subfield code="g">ĒPA</subfield>
            <subfield code="9">(DE-588)4078704-7</subfield>
          </datafield>
          <datafield tag="PSW" ind1="-" ind2="1">
            <subfield code="g">Meiguo</subfield>
            <subfield code="9">(DE-588)4078704-7</subfield>
          </datafield>
          <datafield tag="PSW" ind1="-" ind2="1">
            <subfield code="g">Etats-Unis d'Amérique</subfield>
            <subfield code="9">(DE-588)4078704-7</subfield>
          </datafield>
          <datafield tag="PSW" ind1="-" ind2="1">
            <subfield code="g">US</subfield>
            <subfield code="9">(DE-588)4078704-7</subfield>
          </datafield>
          <datafield tag="PSW" ind1="-" ind2="1">
            <subfield code="g">United States of America</subfield>
            <subfield code="9">(DE-588)4078704-7</subfield>
          </datafield>
          <datafield tag="PSW" ind1="-" ind2="1">
            <subfield code="g">Vereinigte Staaten von Amerika</subfield>
            <subfield code="9">(DE-588)4078704-7</subfield>
          </datafield>
          <datafield tag="PSW" ind1="-" ind2="1">
            <subfield code="g">Nordamerika</subfield>
            <subfield code="h">USA</subfield>
            <subfield code="9">(DE-588)4078704-7</subfield>
          </datafield>
          <datafield tag="PSW" ind1="-" ind2="1">
            <subfield code="g">Amerika</subfield>
            <subfield code="h">USA</subfield>
            <subfield code="9">(DE-588)4078704-7</subfield>
          </datafield>
          <datafield tag="PSW" ind1="-" ind2="1">
            <subfield code="s">Musicals</subfield>
            <subfield code="9">(DE-588)4040801-2</subfield>
          </datafield>
          <datafield tag="PSW" ind1="-" ind2="1">
            <subfield code="s">Literarischer Stoff</subfield>
            <subfield code="9">(DE-588)4136745-5</subfield>
          </datafield>
          <datafield tag="PSW" ind1="-" ind2="1">
            <subfield code="s">Erzählstoff</subfield>
            <subfield code="9">(DE-588)4136745-5</subfield>
          </datafield>
          <datafield tag="PSW" ind1="-" ind2="1">
            <subfield code="s">Literarischer Stoff</subfield>
            <subfield code="9">(DE-588)4136745-5</subfield>
          </datafield>
          <datafield tag="PSW" ind1="-" ind2="1">
            <subfield code="s">Erzählstoff</subfield>
            <subfield code="9">(DE-588)4136745-5</subfield>
          </datafield>
          <datafield tag="PSW" ind1="-" ind2="1">
            <subfield code="s">Oper</subfield>
            <subfield code="x">Text</subfield>
            <subfield code="9">(DE-588)4035588-3</subfield>
          </datafield>
          <datafield tag="PSW" ind1="-" ind2="1">
            <subfield code="s">Opernlibretto</subfield>
            <subfield code="9">(DE-588)4035588-3</subfield>
          </datafield>
          <datafield tag="PSW" ind1="-" ind2="1">
            <subfield code="s">Operntext</subfield>
            <subfield code="9">(DE-588)4035588-3</subfield>
          </datafield>
          <datafield tag="PSW" ind1="-" ind2="1">
            <subfield code="s">Libretti</subfield>
            <subfield code="9">(DE-588)4035588-3</subfield>
          </datafield>
          <datafield tag="PSW" ind1="-" ind2="1">
            <subfield code="s">Topik</subfield>
            <subfield code="x">Literatur</subfield>
            <subfield code="9">(DE-588)4127974-8</subfield>
          </datafield>
          <datafield tag="700" ind1=" " ind2=" ">
            <subfield code="a">KHTP</subfield>
          </datafield>
          <datafield tag="700" ind1=" " ind2=" ">
            <subfield code="a">KHZ</subfield>
          </datafield>
          <datafield tag="OWN" ind1=" " ind2=" ">
            <subfield code="a">P0001</subfield>
            <subfield code="n">466</subfield>
          </datafield>
          <datafield tag="PLK" ind1=" " ind2=" ">
            <subfield code="a">SRU</subfield>
            <subfield code="l">PAD01</subfield>
            <subfield code="b">000695709</subfield>
            <subfield code="m">16.^Themes and topics of the American musical after World War II.^[Mikrofiche-Ausg.].^1999</subfield>
            <subfield code="n">Edition Wissenschaft / Reihe Amerikanistik.^</subfield>
          </datafield>
          <datafield tag="LOC" ind1=" " ind2=" ">
            <subfield code="m">MKF</subfield>
            <subfield code="a">P0001</subfield>
            <subfield code="b">93</subfield>
            <subfield code="d">KHZ3998</subfield>
            <subfield code="i">01/12860-01/12861</subfield>
            <subfield code="n">25</subfield>
            <subfield code="k">20011004</subfield>
            <subfield code="5">789044-10</subfield>
          </datafield>
        </record>
      </metadata>
    </record>
  </ListRecords>
</OAI-PMH>
